@inproceedings{audioset,title = {Audio Set: An ontology and human-labeled dataset for audio events},author  = {Jort F. Gemmeke and Daniel P. W. Ellis and Dylan Freedman and Aren Jansen and Wade Lawrence and R. Channing Moore and Manoj Plakal and Marvin Ritter}, year  = 2017,booktitle = {Proc. IEEE ICASSP 2017},address = {New Orleans, LA} }
@article{imagenet,
Author = {Olga Russakovsky and Jia Deng and Hao Su and Jonathan Krause and Sanjeev Satheesh and Sean Ma and Zhiheng Huang and Andrej Karpathy and Aditya Khosla and Michael Bernstein and Alexander C. Berg and Li Fei-Fei},
Title = {{ImageNet Large Scale Visual Recognition Challenge}},
Year = {2015},
journal   = {International Journal of Computer Vision (IJCV)},
doi = {10.1007/s11263-015-0816-y},
volume={115},
number={3},
pages={211-252}
}
@inproceedings{inception,
  title={Rethinking the inception architecture for computer vision},
  author={Szegedy, Christian and Vanhoucke, Vincent and Ioffe, Sergey and Shlens, Jon and Wojna, Zbigniew},
  booktitle={Proceedings of the IEEE Conference on Computer Vision and Pattern Recognition},
  pages={2818--2826},
  year={2016}
}
@article{review,
  title={A Comprehensive Survey on Cross-modal Retrieval},
  author={Wang, Kaiye and Yin, Qiyue and Wang, Wei and Wu, Shu and Wang, Liang},
  journal={arXiv preprint arXiv:1607.06215},
  year={2016}
}

@article{dca_1,
  title={Fully automatic face normalization and single sample face recognition in unconstrained environments},
  author={Haghighat, Mohammad and Abdel-Mottaleb, Mohamed and Alhalabi, Wadee},
  journal={Expert Systems with Applications},
  volume={47},
  pages={23--34},
  year={2016},
  publisher={Elsevier}
}

@inproceedings{dca,
  title={Discriminant correlation analysis for feature level fusion with application to multimodal biometrics},
  author={Haghighat, Mohammad and Abdel-Mottaleb, Mohamed and Alhalabi, Wadee},
  booktitle={Acoustics, Speech and Signal Processing (ICASSP), 2016 IEEE International Conference on},
  pages={1866--1870},
  year={2016},
  organization={IEEE}
}


@inproceedings{dca_kernelized,
  title={Kernelized discriminative canonical correlation analysis},
  author={Sun, Ting-Kai and Chen, Song-Can and Jin, Zhong and Yang, Jing-Yu},
  booktitle={Wavelet Analysis and Pattern Recognition, 2007. ICWAPR'07. International Conference on},
  volume={3},
  pages={1283--1287},
  year={2007},
  organization={IEEE}
}

@inproceedings{cca,
  title={A new approach to cross-modal multimedia retrieval},
  author={Rasiwasia, Nikhil and Costa Pereira, Jose and Coviello, Emanuele and Doyle, Gabriel and Lanckriet, Gert RG and Levy, Roger and Vasconcelos, Nuno},
  booktitle={Proceedings of the 18th ACM international conference on Multimedia},
  pages={251--260},
  year={2010},
  organization={ACM}
}

@article{youtube8m,
  title={YouTube-8M: A Large-Scale Video Classification Benchmark},
  author={Sami Abu-El-Haija and Nisarg Kothari and Joonseok Lee and Apostol Natsev and George Toderici and Balakrishnan Varadarajan and Sudheendra Vijayanarasimhan},
  journal={CoRR},
  year={2016},
  volume={abs/1609.08675}
}

@book{burnham_anderson_2010, place={New York, NY}, title={Model selection and multimodel inference a practical information-theoretic approach}, publisher={Springer}, author={Burnham, Kenneth P. and Anderson, David R.}, year={2010}}

@article{vgg16,
  author    = {Karen Simonyan and
               Andrew Zisserman},
  title     = {Very Deep Convolutional Networks for Large-Scale Image Recognition},
  journal   = {CoRR},
  volume    = {abs/1409.1556},
  year      = {2014},
  url       = {http://arxiv.org/abs/1409.1556},
  timestamp = {Wed, 01 Oct 2014 15:00:05 +0200},
  biburl    = {http://dblp.uni-trier.de/rec/bib/journals/corr/SimonyanZ14a},
  bibsource = {dblp computer science bibliography, http://dblp.org}
}
